{"turns":39,"p1":"sparktrain","p2":"zeriloa","p1team":[{"name":"Tirtouga","species":"Tirtouga","item":"berryjuice","ability":"Sturdy","moves":["waterfall","shellsmash","earthquake","knockoff"],"nature":"Adamant","evs":{"hp":0,"atk":212,"def":0,"spa":0,"spd":116,"spe":180},"shiny":true,"level":5,"ivs":{"hp":31,"atk":31,"def":31,"spa":31,"spd":31,"spe":31}},{"name":"Spritzee","species":"Spritzee","item":"eviolite","ability":"Healer","moves":["moonblast","wish","protect","thunderbolt"],"nature":"Bold","evs":{"hp":212,"atk":0,"def":196,"spa":0,"spd":76,"spe":24},"shiny":true,"level":5,"ivs":{"hp":31,"atk":31,"def":31,"spa":31,"spd":31,"spe":31}},{"name":"Scraggy","species":"Scraggy","item":"choicescarf","ability":"Moxie","moves":["highjumpkick","knockoff","zenheadbutt","drainpunch"],"nature":"Jolly","evs":{"hp":0,"atk":236,"def":0,"spa":0,"spd":60,"spe":212},"level":5,"ivs":{"hp":31,"atk":31,"def":31,"spa":31,"spd":31,"spe":31}},{"name":"Croagunk","species":"Croagunk","item":"eviolite","ability":"Dry Skin","moves":["gunkshot","drainpunch","vacuumwave","sludgebomb"],"nature":"Quiet","evs":{"hp":132,"atk":28,"def":116,"spa":108,"spd":124,"spe":0},"level":5,"ivs":{"hp":31,"atk":31,"def":31,"spa":31,"spd":31,"spe":31}},{"name":"Pawniard","species":"Pawniard","item":"eviolite","ability":"Defiant","moves":["suckerpunch","ironhead","knockoff","stealthrock"],"nature":"Adamant","evs":{"hp":0,"atk":236,"def":76,"spa":0,"spd":196,"spe":0},"shiny":true,"level":5,"ivs":{"hp":31,"atk":31,"def":31,"spa":31,"spd":31,"spe":31}},{"name":"Foongus","species":"Foongus","item":"eviolite","ability":"Regenerator","moves":["sludgebomb","gigadrain","spore","stunspore"],"nature":"Bold","evs":{"hp":124,"atk":0,"def":156,"spa":76,"spd":76,"spe":76},"shiny":true,"level":5,"ivs":{"hp":31,"atk":31,"def":31,"spa":31,"spd":31,"spe":31}}],"p2team":[{"name":"Fletchling","species":"Fletchling","item":"","ability":"Gale Wings","moves":["acrobatics","uturn","roost","swordsdance"],"nature":"Adamant","evs":{"hp":0,"atk":196,"def":252,"spa":0,"spd":60,"spe":0},"level":5,"ivs":{"hp":31,"atk":31,"def":31,"spa":31,"spd":31,"spe":31}},{"name":"Mienfoo","species":"Mienfoo","item":"eviolite","ability":"Regenerator","moves":["taunt","drainpunch","uturn","knockoff"],"nature":"Jolly","evs":{"hp":0,"atk":0,"def":196,"spa":0,"spd":36,"spe":236},"level":5,"ivs":{"hp":31,"atk":31,"def":31,"spa":31,"spd":31,"spe":31}},{"name":"Tirtouga","species":"Tirtouga","item":"eviolite","ability":"Solid Rock","moves":["stealthrock","aquajet","scald","stoneedge"],"nature":"Sassy","evs":{"hp":84,"atk":0,"def":252,"spa":12,"spd":156,"spe":0},"level":5,"ivs":{"hp":31,"atk":31,"def":31,"spa":31,"spd":31,"spe":31}},{"name":"Misdreavus","species":"Misdreavus","item":"eviolite","ability":"Levitate","moves":["healbell","willowisp","dazzlinggleam","shadowball"],"nature":"Timid","evs":{"hp":36,"atk":0,"def":0,"spa":236,"spd":0,"spe":236},"level":5,"ivs":{"hp":31,"atk":31,"def":31,"spa":31,"spd":31,"spe":31}},{"name":"Vullaby","species":"Vullaby","item":"eviolite","ability":"Overcoat","moves":["knockoff","bravebird","roost","defog"],"nature":"Careful","evs":{"hp":116,"atk":80,"def":156,"spa":0,"spd":156,"spe":0},"level":5,"ivs":{"hp":31,"atk":31,"def":31,"spa":31,"spd":31,"spe":31}},{"name":"Foongus","species":"Foongus","item":"eviolite","ability":"Regenerator","moves":["spore","hiddenpowerfighting","gigadrain","sludgebomb"],"nature":"Bold","evs":{"hp":124,"atk":0,"def":160,"spa":0,"spd":164,"spe":0},"ivs":{"hp":31,"atk":31,"def":30,"spa":30,"spd":30,"spe":30},"level":5}],"log":["|player|p1|sparktrain|spark.png","|player|p2|zeriloa|zeril.png","|gametype|singles","|gen|6","|tier|LC","|rated","|clearpoke","|poke|p1|Tirtouga, L5, M, shiny","|poke|p1|Spritzee, L5, F, shiny","|poke|p1|Scraggy, L5, F","|poke|p1|Croagunk, L5, F","|poke|p1|Pawniard, L5, F, shiny","|poke|p1|Foongus, L5, M, shiny","|poke|p2|Fletchling, L5, F","|poke|p2|Mienfoo, L5, F","|poke|p2|Tirtouga, L5, F","|poke|p2|Misdreavus, L5, F","|poke|p2|Vullaby, L5, F","|poke|p2|Foongus, L5, F","|rule|Sleep Clause Mod: Limit one foe put to sleep","|rule|Species Clause: Limit one of each Pokemon","|rule|OHKO Clause: OHKO moves are banned","|rule|Moody Clause: Moody is banned","|rule|Evasion Moves Clause: Evasion moves are banned","|rule|Endless Battle Clause: Forcing endless battles is banned.","|rule|HP Percentage Mod: HP is reported as percentages","|teampreview","|","|start","|switch|p1a: Pawniard|Pawniard, L5, F, shiny|21/21","|switch|p2a: Mienfoo|Mienfoo, L5, F|21/21","|turn|1","|","|switch|p1a: Spritzee|Spritzee, L5, F, shiny|27/27","|move|p2a: Mienfoo|Drain Punch|p1a: Spritzee","|-resisted|p1a: Spritzee","|-damage|p1a: Spritzee|24/27","|","|turn|2","|","|move|p2a: Mienfoo|Knock Off|p1a: Spritzee","|-resisted|p1a: Spritzee","|-damage|p1a: Spritzee|22/27","|-enditem|p1a: Spritzee|Eviolite|[from] move: Knock Off|[of] p2a: Mienfoo","|move|p1a: Spritzee|Moonblast|p2a: Mienfoo","|-supereffective|p2a: Mienfoo","|-damage|p2a: Mienfoo|3/21","|","|turn|3","|chat|zeriloa|since when do you switch out of that","|chat|sparktrain|lawl","|","|move|p2a: Mienfoo|U-turn|p1a: Spritzee","|-resisted|p1a: Spritzee","|-damage|p1a: Spritzee|19/27","|","|switch|p2a: Foongus|Foongus, L5, F|25/25","|move|p1a: Spritzee|Wish|p1a: Spritzee","|","|turn|4","|","|move|p1a: Spritzee|Protect|p1a: Spritzee","|-singleturn|p1a: Spritzee|Protect","|move|p2a: Foongus|Spore|p1a: Spritzee","|-activate|p1a: Spritzee|Protect","|","|-heal|p1a: Spritzee|27/27|[from] move: Wish|[wisher] Spritzee","|turn|5","|","|switch|p1a: Foongus|Foongus, L5, M, shiny|25/25","|move|p2a: Foongus|Spore|p1a: Foongus","|-fail|p1a: Foongus","|","|turn|6","|chat|zeriloa|didn't see that mon","|chat|zeriloa|lmao","|","|move|p1a: Foongus|Sludge Bomb|p2a: Foongus","|-damage|p2a: Foongus|18/25","|move|p2a: Foongus|Sludge Bomb|p1a: Foongus","|-damage|p1a: Foongus|18/25","|","|turn|7","|chat|Kappaten|me either tbh","|","|switch|p2a: Vullaby|Vullaby, L5, F|25/25","|move|p1a: Foongus|Sludge Bomb|p2a: Vullaby","|-damage|p2a: Vullaby|19/25","|","|turn|8","|chat|Kappaten|PROGRESS","|","|switch|p1a: Spritzee|Spritzee, L5, F, shiny|27/27","|move|p2a: Vullaby|Knock Off|p1a: Spritzee","|-resisted|p1a: Spritzee","|-damage|p1a: Spritzee|24/27","|","|turn|9","|","|move|p2a: Vullaby|Brave Bird|p1a: Spritzee","|-damage|p1a: Spritzee|12/27","|-damage|p2a: Vullaby|15/25|[from] recoil|[of] p1a: Spritzee","|move|p1a: Spritzee|Moonblast|p2a: Vullaby","|-supereffective|p2a: Vullaby","|-damage|p2a: Vullaby|3/25","|","|turn|10","|","|switch|p1a: Pawniard|Pawniard, L5, F, shiny|21/21","|move|p2a: Vullaby|Roost|p2a: Vullaby","|-heal|p2a: Vullaby|16/25","|","|turn|11","|","|move|p1a: Pawniard|Stealth Rock|p2a: Vullaby","|-sidestart|p2: zeriloa|move: Stealth Rock","|move|p2a: Vullaby|Roost|p2a: Vullaby","|-heal|p2a: Vullaby|25/25","|","|turn|12","|","|move|p1a: Pawniard|Knock Off|p2a: Vullaby","|-resisted|p2a: Vullaby","|-damage|p2a: Vullaby|21/25","|-enditem|p2a: Vullaby|Eviolite|[from] move: Knock Off|[of] p1a: Pawniard","|move|p2a: Vullaby|Knock Off|p1a: Pawniard","|-resisted|p1a: Pawniard","|-damage|p1a: Pawniard|18/21","|-enditem|p1a: Pawniard|Eviolite|[from] move: Knock Off|[of] p2a: Vullaby","|","|turn|13","|chat|zeriloa|fj","|chat|zeriloa|fk","|","|switch|p2a: Tirtouga|Tirtouga, L5, F|23/23","|-damage|p2a: Tirtouga|21/23|[from] Stealth Rock","|move|p1a: Pawniard|Iron Head|p2a: Tirtouga","|-crit|p2a: Tirtouga","|-damage|p2a: Tirtouga|9/23","|","|turn|14","|chat|zeriloa|.","|","|switch|p2a: Mienfoo|Mienfoo, L5, F|10/21","|-damage|p2a: Mienfoo|9/21|[from] Stealth Rock","|move|p1a: Pawniard|Knock Off|p2a: Mienfoo","|-resisted|p2a: Mienfoo","|-damage|p2a: Mienfoo|3/21","|-enditem|p2a: Mienfoo|Eviolite|[from] move: Knock Off|[of] p1a: Pawniard","|","|turn|15","|chat|zeriloa|.","|","|switch|p2a: Tirtouga|Tirtouga, L5, F|9/23","|-damage|p2a: Tirtouga|7/23|[from] Stealth Rock","|move|p1a: Pawniard|Sucker Punch|p2a: Tirtouga","|-fail|p2a: Tirtouga","|","|turn|16","|chat|Kappaten|tf u doin zeril","|","|move|p1a: Pawniard|Knock Off|p2a: Tirtouga","|-damage|p2a: Tirtouga|0 fnt","|faint|p2a: Tirtouga","|","|","|switch|p2a: Mienfoo|Mienfoo, L5, F|10/21","|-damage|p2a: Mienfoo|9/21|[from] Stealth Rock","|turn|17","|chat|sparktrain|suking","|","|switch|p1a: Spritzee|Spritzee, L5, F, shiny|12/27","|move|p2a: Mienfoo|Drain Punch|p1a: Spritzee","|-resisted|p1a: Spritzee","|-damage|p1a: Spritzee|7/27","|-heal|p2a: Mienfoo|12/21|[from] drain|[of] p1a: Spritzee","|","|turn|18","|chat|Kappaten|sucking the wrong dicks imo","|","|move|p2a: Mienfoo|U-turn|p1a: Spritzee","|-resisted|p1a: Spritzee","|-damage|p1a: Spritzee|4/27","|","|switch|p2a: Foongus|Foongus, L5, F|25/25","|-damage|p2a: Foongus|22/25|[from] Stealth Rock","|move|p1a: Spritzee|Wish|p1a: Spritzee","|","|turn|19","|","|switch|p2a: Vullaby|Vullaby, L5, F|21/25","|-damage|p2a: Vullaby|15/25|[from] Stealth Rock","|move|p1a: Spritzee|Protect|p1a: Spritzee","|-fail|p1a: Spritzee","|","|-heal|p1a: Spritzee|17/27|[from] move: Wish|[wisher] Spritzee","|turn|20","|","|switch|p2a: Foongus|Foongus, L5, F|25/25","|-damage|p2a: Foongus|22/25|[from] Stealth Rock","|move|p1a: Spritzee|Moonblast|p2a: Foongus","|-crit|p2a: Foongus","|-resisted|p2a: Foongus","|-damage|p2a: Foongus|16/25","|","|turn|21","|chat|sparktrain|tf was all that for","|","|switch|p1a: Foongus|Foongus, L5, M, shiny|25/25","|move|p2a: Foongus|Sludge Bomb|p1a: Foongus","|-crit|p1a: Foongus","|-damage|p1a: Foongus|15/25","|","|turn|22","|chat|zeriloa|k","|","|move|p1a: Foongus|Sludge Bomb|p2a: Foongus","|-damage|p2a: Foongus|9/25","|move|p2a: Foongus|Sludge Bomb|p1a: Foongus","|-damage|p1a: Foongus|6/25","|","|turn|23","|","|move|p1a: Foongus|Sludge Bomb|p2a: Foongus","|-damage|p2a: Foongus|2/25","|move|p2a: Foongus|Hidden Power|p1a: Foongus","|-resisted|p1a: Foongus","|-damage|p1a: Foongus|4/25","|","|turn|24","|chat|sparktrain|hue\\","|","|switch|p2a: Vullaby|Vullaby, L5, F|15/25","|-damage|p2a: Vullaby|9/25|[from] Stealth Rock","|move|p1a: Foongus|Sludge Bomb|p2a: Vullaby","|-damage|p2a: Vullaby|0 fnt","|faint|p2a: Vullaby","|","|","|switch|p2a: Misdreavus|Misdreavus, L5, F|23/23","|-damage|p2a: Misdreavus|21/23|[from] Stealth Rock","|turn|25","|chat|zeriloa|k i get it","|","|move|p2a: Misdreavus|Shadow Ball|p1a: Foongus","|-damage|p1a: Foongus|0 fnt","|faint|p1a: Foongus","|","|chat|zeriloa|thats what i get for trying to predict","|","|switch|p1a: Pawniard|Pawniard, L5, F, shiny|18/21","|turn|26","|chat|zeriloa|cuz we don't predict here","|","|switch|p2a: Mienfoo|Mienfoo, L5, F|19/21","|-damage|p2a: Mienfoo|18/21|[from] Stealth Rock","|move|p1a: Pawniard|Knock Off|p2a: Mienfoo","|-resisted|p2a: Mienfoo","|-damage|p2a: Mienfoo|12/21","|","|turn|27","|","|switch|p1a: Spritzee|Spritzee, L5, F, shiny|17/27","|move|p2a: Mienfoo|U-turn|p1a: Spritzee","|-resisted|p1a: Spritzee","|-damage|p1a: Spritzee|14/27","|","|switch|p2a: Foongus|Foongus, L5, F|10/25","|-damage|p2a: Foongus|7/25|[from] Stealth Rock","|","|turn|28","|","|move|p1a: Spritzee|Wish|p1a: Spritzee","|move|p2a: Foongus|Spore|p1a: Spritzee","|-status|p1a: Spritzee|slp","|","|turn|29","|","|switch|p1a: Pawniard|Pawniard, L5, F, shiny|18/21","|move|p2a: Foongus|Giga Drain|p1a: Pawniard","|-resisted|p1a: Pawniard","|-damage|p1a: Pawniard|14/21","|-heal|p2a: Foongus|9/25|[from] drain|[of] p1a: Pawniard","|","|-heal|p1a: Pawniard|21/21|[from] move: Wish|[wisher] Spritzee","|turn|30","|chat|sparktrain|kek","|","|switch|p2a: Mienfoo|Mienfoo, L5, F|19/21","|-damage|p2a: Mienfoo|18/21|[from] Stealth Rock","|move|p1a: Pawniard|Iron Head|p2a: Mienfoo","|-crit|p2a: Mienfoo","|-damage|p2a: Mienfoo|0 fnt","|faint|p2a: Mienfoo","|","|chat|sparktrain|KEK","|","|switch|p2a: Foongus|Foongus, L5, F|17/25","|-damage|p2a: Foongus|14/25|[from] Stealth Rock","|turn|31","|chat|zeriloa|its not funny","|","|move|p1a: Pawniard|Knock Off|p2a: Foongus","|-damage|p2a: Foongus|2/25","|-enditem|p2a: Foongus|Eviolite|[from] move: Knock Off|[of] p1a: Pawniard","|move|p2a: Foongus|Hidden Power|p1a: Pawniard","|-supereffective|p1a: Pawniard","|-damage|p1a: Pawniard|1/21","|","|turn|32","|","|move|p1a: Pawniard|Iron Head|p2a: Foongus","|-damage|p2a: Foongus|0 fnt","|faint|p2a: Foongus","|","|","|switch|p2a: Fletchling|Fletchling, L5, F|21/21","|-damage|p2a: Fletchling|16/21|[from] Stealth Rock","|turn|33","|chat|Antgeezy|kek","|","|move|p2a: Fletchling|Acrobatics|p1a: Pawniard","|-resisted|p1a: Pawniard","|-damage|p1a: Pawniard|0 fnt","|faint|p1a: Pawniard","|","|","|switch|p1a: Tirtouga|Tirtouga, L5, M, shiny|21/21","|turn|34","|","|move|p2a: Fletchling|U-turn|p1a: Tirtouga","|-damage|p1a: Tirtouga|15/21","|","|switch|p2a: Misdreavus|Misdreavus, L5, F|21/23","|-damage|p2a: Misdreavus|19/23|[from] Stealth Rock","|move|p1a: Tirtouga|Waterfall|p2a: Misdreavus","|-damage|p2a: Misdreavus|9/23","|","|turn|35","|","|switch|p1a: Spritzee|Spritzee, L5, F, shiny|14/27 slp","|move|p2a: Misdreavus|Shadow Ball|p1a: Spritzee","|-damage|p1a: Spritzee|0 fnt","|faint|p1a: Spritzee","|","|","|switch|p1a: Scraggy|Scraggy, L5, F|21/21","|turn|36","|","|move|p1a: Scraggy|Knock Off|p2a: Misdreavus","|-supereffective|p2a: Misdreavus","|-damage|p2a: Misdreavus|0 fnt","|faint|p2a: Misdreavus","|-boost|p1a: Scraggy|atk|1|[from] ability: Moxie","|","|","|switch|p2a: Fletchling|Fletchling, L5, F|16/21","|-damage|p2a: Fletchling|11/21|[from] Stealth Rock","|turn|37","|chat|zeriloa|fucj]","|","|move|p2a: Fletchling|Acrobatics|p1a: Scraggy","|-supereffective|p1a: Scraggy","|-damage|p1a: Scraggy|0 fnt","|faint|p1a: Scraggy","|","|","|switch|p1a: Tirtouga|Tirtouga, L5, M, shiny|15/21","|turn|38","|","|move|p2a: Fletchling|Roost|p2a: Fletchling","|-heal|p2a: Fletchling|21/21","|move|p1a: Tirtouga|Waterfall|p2a: Fletchling","|-damage|p2a: Fletchling|8/21","|","|turn|39","|","|move|p2a: Fletchling|Acrobatics|p1a: Tirtouga","|-resisted|p1a: Tirtouga","|-damage|p1a: Tirtouga|9/21","|-enditem|p1a: Tirtouga|Berry Juice","|-heal|p1a: Tirtouga|21/21|[from] item: Berry Juice","|move|p1a: Tirtouga|Waterfall|p2a: Fletchling","|-damage|p2a: Fletchling|0 fnt","|faint|p2a: Fletchling","|","|win|sparktrain"],"p1rating":{"entryid":"3379344","serverid":"sparkserver","formatid":"lc","userid":"sparktrain","username":"sparktrain","w":9,"l":"2","t":"0","gxe":67,"r":"1621.1513032504","rd":"88.672582300727","sigma":"0","rptime":"1400544000","rpr":1637.3407497099,"rprd":86.155304457713,"rpsigma":"0","acre":1192.671876484,"lacre":1192.671876484,"oldacre":"1175.5740682693"},"p2rating":{"entryid":"3359790","serverid":"sparkserver","formatid":"lc","userid":"zeriloa","username":"zeriloa","w":"15","l":13,"t":"0","gxe":54,"r":"1539.4491360387","rd":"64.841125591978","sigma":"0","rptime":"1400544000","rpr":1530.6627051703,"rprd":63.868933246904,"rpsigma":"0","acre":1048.6751350967,"lacre":1048.6751350967,"oldacre":"1061.860312988"},"endType":"normal"}